@inproceedings{Buluc:2011,
 author = {Bulu\c{c}, Aydin and Madduri, Kamesh},
 title = {Parallel breadth-first search on distributed memory systems},
 booktitle = {Proceedings of 2011 International Conference for High Performance Computing, Networking, Storage and Analysis},
 series = {SC '11},
 year = {2011},
 isbn = {978-1-4503-0771-0},
 location = {Seattle, Washington},
 pages = {65:1--65:12},
 articleno = {65},
 numpages = {12},
 url = {http://doi.acm.org/10.1145/2063384.2063471},
 doi = {10.1145/2063384.2063471},
 acmid = {2063471},
 publisher = {ACM},
 address = {New York, NY, USA},
} 

@incollection{Dinitz:2006,
 author = {Dinitz, Yefim},
 chapter = {Dinitz\&\#39; algorithm: the original version and even\&\#39;s version},
 title = {Theoretical Computer Science},
 editor = {Goldreich, Oded and Rosenberg, Arnold L. and Selman, Alan L.},
 year = {2006},
 isbn = {3-540-32880-7, 978-3-540-32880-3},
 pages = {218--240},
 numpages = {23},
 url = {http://dl.acm.org/citation.cfm?id=2168303.2168313},
 acmid = {2168313},
 publisher = {Springer-Verlag},
 address = {Berlin, Heidelberg},
} 

@ONLINE{Intel:2006:Online,
author = {Intel},
title = {The Evolution of a Revolution},
year = {2006},
url = {http://download.intel.com/pressroom/kits/IntelProcessorHistory.pdf}
}

@ONLINE{x10FAQ:2012:Online,
title = {X10 Website, X10 FAQ},
year = {2012},
month = {07},
url = {http://x10-lang.org/home/faq-list.html}
}

@ONLINE{x10Spec:2012:Online,
title = {X10 Language Specification v2.2},
author = {Vijay Saraswat, Bard Bloom, Igor Peshansky, Olivier Tardieu, and David Grove},
year = {2012},
month = {01},
url = {http://x10.sourceforge.net/documentation/languagespec/x10-222.pdf}
}